<?xml version="1.0" encoding="UTF-8"?><collection xmlns="http://www.loc.gov/MARC21/slim"><record><leader>00349nam--2200133-i-4500</leader><controlfield tag="001">000041723</controlfield><controlfield tag="002">20161230</controlfield><controlfield tag="005">20161230201043</controlfield><controlfield tag="008">060222s1000------------r-----000-0-eng-d</controlfield><datafield ind1=" " ind2=" " tag="080"><subfield code="a">553.495:621.039.54</subfield></datafield><datafield ind1=" " ind2=" " tag="100"><subfield code="a">Singleton,Arthur H</subfield></datafield><datafield ind1=" " ind2=" " tag="245"><subfield code="a">Source of nuclear fuel</subfield></datafield><datafield ind1=" " ind2=" " tag="260"><subfield code="a">Washington, U.S.Atomic Energy Commission, 1968. 67 P</subfield></datafield><datafield ind1=" " ind2=" " tag="852"><subfield code="a">79635</subfield></datafield></record></collection>